@article{latex1977,
    title={How to used latex},
    author={John Smith},
    journal={Journal of Latex},
    pages={1--50},
    volume={39},
    year={1977}
}

@misc{teste,
author = {Doe, Paul},
title = {This is a test test entry of type {@MISC}},
month = jun,
year = {2009},
url = {http://www.test.org/doe/}
}